@Manual{abind,
title = {{abind}: Combine Multidimensional Arrays},
  author = {Tony Plate and Richard Heiberger},
  year = {2024},
  note = {R package version 1.4-8},
  url = {https://CRAN.R-project.org/package=abind},
}
@Manual{askpass,
title = {{askpass}: Password Entry Utilities for R, Git, and SSH},
  author = {Jeroen Ooms},
  year = {2024},
  note = {R package version 1.2.1},
  url = {https://CRAN.R-project.org/package=askpass},
}
@Manual{backports,
title = {{backports}: Reimplementations of Functions Introduced Since R-3.0.0},
  author = {Michel Lang and Duncan Murdoch and {R Core Team}},
  year = {2024},
  note = {R package version 1.5.0},
  url = {https://CRAN.R-project.org/package=backports},
}
@Manual{base,
title = {{R}: A Language and Environment for Statistical Computing},
  author = {{R Core Team}},
  organization = {R Foundation for Statistical Computing},
  address = {Vienna, Austria},
  year = {2024},
  url = {https://www.R-project.org/},
}
@Manual{base64enc,
  title = {base64enc: Tools for base64 encoding},
  author = {Simon Urbanek},
  year = {2015},
  note = {R package version 0.1-3},
  url = {https://CRAN.R-project.org/package=base64enc},
}
@Article{bayestestR,
title = {{bayestestR}: Describing Effects and their Uncertainty, Existence and Significance within the Bayesian Framework.},
  author = {Dominique Makowski and Mattan S. Ben-Shachar and Daniel Lüdecke},
  journal = {Journal of Open Source Software},
  doi = {10.21105/joss.01541},
  year = {2019},
  number = {40},
  volume = {4},
  pages = {1541},
  url = {https://joss.theoj.org/papers/10.21105/joss.01541},
}
@Manual{bit,
title = {{bit}: Classes and Methods for Fast Memory-Efficient Boolean Selections},
  author = {Jens Oehlschlägel and Brian Ripley},
  year = {2022},
  note = {R package version 4.0.5},
  url = {https://github.com/truecluster/bit},
}
@Manual{bit64,
  title = {bit64: A S3 Class for Vectors of 64bit Integers},
  author = {Jens Oehlschlägel and Leonardo Silvestri},
  year = {2020},
  note = {R package version 4.0.5},
  url = {https://github.com/truecluster/bit64},
}
@Manual{blob,
title = {{blob}: A Simple S3 Class for Representing Vectors of Binary Data
(`{BLOBS}')},
  author = {Hadley Wickham},
  year = {2023},
  note = {R package version 1.2.4},
  url = {https://CRAN.R-project.org/package=blob},
}
@Manual{brew,
title = {{brew}: Templating Framework for Report Generation},
  author = {Jeffrey Horner and Greg Hunt},
  year = {2023},
  note = {R package version 1.0-10},
  url = {https://CRAN.R-project.org/package=brew},
}
@Manual{brio,
title = {{brio}: Basic R Input Output},
  author = {Jim Hester and Gábor Csárdi},
  year = {2024},
  note = {R package version 1.1.5},
  url = {https://CRAN.R-project.org/package=brio},
}
@Manual{bslib,
title = {{bslib}: Custom `{Bootstrap}' `{Sass}' Themes for `{shiny}' and `{rmarkdown}'},
  author = {Carson Sievert and Joe Cheng and Garrick Aden-Buie},
  year = {2025},
  note = {R package version 0.9.0},
  url = {https://CRAN.R-project.org/package=bslib},
}
@Manual{cachem,
title = {{cachem}: Cache R Objects with Automatic Pruning},
  author = {Winston Chang},
  year = {2024},
  note = {R package version 1.1.0},
  url = {https://CRAN.R-project.org/package=cachem},
}
@Manual{callr,
title = {{callr}: Call R from R},
  author = {Gábor Csárdi and Winston Chang},
  year = {2024},
  note = {R package version 3.7.6},
  url = {https://CRAN.R-project.org/package=callr},
}
@Manual{cellranger,
title = {{cellranger}: Translate Spreadsheet Cell Ranges to Rows and Columns},
  author = {Jennifer Bryan},
  year = {2016},
  note = {R package version 1.1.0},
  url = {https://CRAN.R-project.org/package=cellranger},
}
@Article{checkmate,
  title = {{checkmate}: Fast Argument Checks for Defensive {R} Programming},
  author = {Michel Lang},
  journal = {The R Journal},
  year = {2017},
  doi = {10.32614/RJ-2017-028},
  pages = {437--445},
  volume = {9},
  number = {1},
}
@Manual{classInt,
title = {{classInt}: Choose Univariate Class Intervals},
  author = {Roger Bivand},
  year = {2025},
  note = {R package version 0.4-11},
  url = {https://CRAN.R-project.org/package=classInt},
}
@Manual{clipr,
title = {{clipr}: Read and Write from the System Clipboard},
  author = {Matthew Lincoln},
  year = {2022},
  note = {R package version 0.8.0},
  url = {https://CRAN.R-project.org/package=clipr},
}
@Article{colorspace2020a,
  title = {{colorspace}: A Toolbox for Manipulating and Assessing Colors and Palettes},
  author = {Achim Zeileis and Jason C. Fisher and Kurt Hornik and Ross Ihaka and Claire D. McWhite and Paul Murrell and Reto Stauffer and Claus O. Wilke},
  journal = {Journal of Statistical Software},
  year = {2020},
  volume = {96},
  number = {1},
  pages = {1--49},
  doi = {10.18637/jss.v096.i01},
}

@Article{colorspace2009b,
  title = {Escaping {RGB}land: Selecting Colors for Statistical Graphics},
  author = {Achim Zeileis and Kurt Hornik and Paul Murrell},
  journal = {Computational Statistics \& Data Analysis},
  year = {2009},
  volume = {53},
  number = {9},
  pages = {3259--3270},
  doi = {10.1016/j.csda.2008.11.033},
}

@Article{colorspace2009c,
  title = {Somewhere over the Rainbow: How to Make Effective Use of Colors in Meteorological Visualizations},
  author = {Reto Stauffer and Georg J. Mayr and Markus Dabernig and Achim Zeileis},
  journal = {Bulletin of the American Meteorological Society},
  year = {2009},
  volume = {96},
  number = {2},
  pages = {203--216},
  doi = {10.1175/BAMS-D-13-00155.1},
}
@InProceedings{cols4all,
  title = {{cols4all}: a color palette analysis tool},
  author = {Martijn Tennekes and Marco J. H. Puts},
  booktitle = {EuroVis (Short Papers)},
  publisher = {Wiley},
  doi = {10.2312/evs.20231040},
  year = {2023},
}
@Manual{commonmark,
title = {{commonmark}: High Performance CommonMark and Github Markdown Rendering in R},
  author = {Jeroen Ooms},
  year = {2025},
  note = {R package version 1.9.5},
  url = {https://CRAN.R-project.org/package=commonmark},
}
@Manual{corrplot,
  title = {R package `{corrplot}': Visualization of a Correlation Matrix},
  author = {Taiyun Wei and Viliam Simko},
  year = {2024},
  note = {(Version 0.94)},
  url = {https://github.com/taiyun/corrplot},
}
@Manual{cowplot,
title = {{cowplot}: Streamlined Plot Theme and Plot Annotations for `{ggplot2}'},
  author = {Claus O. Wilke},
  year = {2024},
  note = {R package version 1.1.3},
  url = {https://CRAN.R-project.org/package=cowplot},
}
@Manual{cpp11,
  title = {cpp11: A C++11 Interface for R's C Interface},
  author = {Davis Vaughan and Jim Hester and Romain François},
  year = {2025},
  note = {R package version 0.5.2},
  url = {https://CRAN.R-project.org/package=cpp11},
}
@Manual{crayon,
title = {{crayon}: Colored Terminal Output},
  author = {Gábor Csárdi},
  year = {2024},
  note = {R package version 1.5.3},
  url = {https://CRAN.R-project.org/package=crayon},
}
@Manual{crosstalk,
title = {{crosstalk}: Inter-Widget Interactivity for HTML Widgets},
  author = {Joe Cheng and Carson Sievert},
  year = {2023},
  note = {R package version 1.2.1},
  url = {https://CRAN.R-project.org/package=crosstalk},
}
@Manual{curl,
title = {{curl}: A Modern and Flexible Web Client for R},
  author = {Jeroen Ooms},
  year = {2025},
  note = {R package version 6.2.3},
  url = {https://CRAN.R-project.org/package=curl},
}
@Manual{datatable,
title = {{data.table}: Extension of `{data.frame}'},
  author = {Tyson Barrett and Matt Dowle and Arun Srinivasan and Jan Gorecki and Michael Chirico and Toby Hocking and Benjamin Schwendinger and Ivan Krylov},
  year = {2025},
  note = {R package version 1.17.4},
  url = {https://CRAN.R-project.org/package=data.table},
}
@Article{datawizard,
  title = {{datawizard}: An {R} Package for Easy Data Preparation and Statistical Transformations},
  author = {Indrajeet Patil and Dominique Makowski and Mattan S. Ben-Shachar and Brenton M. Wiernik and Etienne Bacher and Daniel Lüdecke},
  journal = {Journal of Open Source Software},
  year = {2022},
  volume = {7},
  number = {78},
  pages = {4684},
  doi = {10.21105/joss.04684},
}
@Manual{DBI,
title = {{DBI}: R Database Interface},
  author = {{R Special Interest Group on Databases (R-SIG-DB)} and Hadley Wickham and Kirill Müller},
  year = {2024},
  note = {R package version 1.2.3},
  url = {https://CRAN.R-project.org/package=DBI},
}
@Manual{deldir,
title = {{deldir}: Delaunay Triangulation and Dirichlet (Voronoi) Tessellation},
  author = {Rolf Turner},
  year = {2024},
  note = {R package version 2.0-4},
  url = {https://CRAN.R-project.org/package=deldir},
}
@Manual{desc,
title = {{desc}: Manipulate DESCRIPTION Files},
  author = {Gábor Csárdi and Kirill Müller and Jim Hester},
  year = {2023},
  note = {R package version 1.4.3},
  url = {https://CRAN.R-project.org/package=desc},
}
@Manual{dichromat,
title = {{dichromat}: Color Schemes for Dichromats},
  author = {Thomas Lumley},
  year = {2022},
  note = {R package version 2.0-0.1},
  url = {https://CRAN.R-project.org/package=dichromat},
}
@Manual{diffobj,
title = {{diffobj}: Diffs for R Objects},
  author = {Brodie Gaslam},
  year = {2021},
  note = {R package version 0.3.5},
  url = {https://github.com/brodieG/diffobj},
}
@Manual{digest,
title = {{digest}: Create Compact Hash Digests of R Objects},
  author = {Dirk Eddelbuettel},
  year = {2024},
  note = {R package version 0.6.37},
  url = {https://CRAN.R-project.org/package=digest},
}
@Manual{directlabels,
title = {{directlabels}: Direct Labels for Multicolor Plots},
  author = {Toby Dylan Hocking},
  year = {2025},
  note = {R package version 2025.5.20},
  url = {https://CRAN.R-project.org/package=directlabels},
}
@Manual{downlit,
title = {{downlit}: Syntax Highlighting and Automatic Linking},
  author = {Hadley Wickham},
  year = {2024},
  note = {R package version 0.4.4},
  url = {https://CRAN.R-project.org/package=downlit},
}
@Manual{dreamerr,
title = {{dreamerr}: Error Handling Made Easy},
  author = {Laurent Berge},
  year = {2025},
  note = {R package version 1.5.0},
  url = {https://CRAN.R-project.org/package=dreamerr},
}
@Manual{e1071,
  title = {e1071: Misc Functions of the Department of Statistics, Probability
Theory Group (Formerly: E1071), TU Wien},
  author = {David Meyer and Evgenia Dimitriadou and Kurt Hornik and Andreas Weingessel and Friedrich Leisch},
  year = {2024},
  note = {R package version 1.7-16},
  url = {https://CRAN.R-project.org/package=e1071},
}
@Manual{evaluate,
title = {{evaluate}: Parsing and Evaluation Tools that Provide More Details than the
Default},
  author = {Hadley Wickham and Yihui Xie},
  year = {2025},
  note = {R package version 1.0.3},
  url = {https://CRAN.R-project.org/package=evaluate},
}
@Manual{fansi,
title = {{fansi}: ANSI Control Sequence Aware String Functions},
  author = {Brodie Gaslam},
  year = {2023},
  note = {R package version 1.0.6},
  url = {https://CRAN.R-project.org/package=fansi},
}
@Manual{farver,
title = {{farver}: High Performance Colour Space Manipulation},
  author = {Thomas Lin Pedersen and Berendea Nicolae and Romain François},
  year = {2024},
  note = {R package version 2.1.2},
  url = {https://CRAN.R-project.org/package=farver},
}
@Manual{fastmap,
title = {{fastmap}: Fast Data Structures},
  author = {Winston Chang},
  year = {2024},
  note = {R package version 1.2.0},
  url = {https://CRAN.R-project.org/package=fastmap},
}
@Article{fixest,
  title = {Efficient estimation of maximum likelihood models with multiple fixed-effects: the {R} package {FENmlm}},
  author = {Laurent Berg\'e},
  year = {2018},
  journal = {CREA Discussion Papers},
  number = {13},
}
@Manual{fontawesome,
title = {{fontawesome}: Easily Work with `{Font Awesome}' Icons},
  author = {Richard Iannone},
  year = {2024},
  note = {R package version 0.5.3},
  url = {https://CRAN.R-project.org/package=fontawesome},
}
@Manual{formatR,
title = {{formatR}: Format R Code Automatically},
  author = {Yihui Xie},
  year = {2023},
  note = {R package version 1.14},
  url = {https://CRAN.R-project.org/package=formatR},
}
@Article{Formula,
  title = {Extended Model Formulas in {R}: Multiple Parts and Multiple Responses},
  author = {Achim Zeileis and Yves Croissant},
  journal = {Journal of Statistical Software},
  year = {2010},
  volume = {34},
  number = {1},
  pages = {1--13},
  doi = {10.18637/jss.v034.i01},
}
@Manual{fs,
title = {{fs}: Cross-Platform File System Operations Based on `{libuv}'},
  author = {Jim Hester and Hadley Wickham and Gábor Csárdi},
  year = {2025},
  note = {R package version 1.6.6},
  url = {https://CRAN.R-project.org/package=fs},
}
@Manual{futilelogger,
title = {{futile.logger}: A Logging Utility for R},
  author = {Brian Lee Yung Rowe},
  year = {2016},
  note = {R package version 1.4.3},
  url = {https://CRAN.R-project.org/package=futile.logger},
}
@Manual{futileoptions,
title = {{futile.options}: Futile Options Management},
  author = {Brian Lee Yung Rowe},
  year = {2018},
  note = {R package version 1.0.1},
  url = {https://CRAN.R-project.org/package=futile.options},
}
@Manual{gargle,
title = {{gargle}: Utilities for Working with Google APIs},
  author = {Jennifer Bryan and Craig Citro and Hadley Wickham},
  year = {2023},
  note = {R package version 1.5.2},
  url = {https://CRAN.R-project.org/package=gargle},
}
@Manual{generics,
title = {{generics}: Common S3 Generics not Provided by Base R Methods Related to
Model Fitting},
  author = {Hadley Wickham and Max Kuhn and Davis Vaughan},
  year = {2025},
  note = {R package version 0.1.4},
  url = {https://CRAN.R-project.org/package=generics},
}
@Manual{geojsonsf,
title = {{geojsonsf}: GeoJSON to Simple Feature Converter},
  author = {David Cooley},
  year = {2022},
  note = {R package version 2.0.3},
  url = {https://CRAN.R-project.org/package=geojsonsf},
}
@Manual{geometries,
title = {{geometries}: Convert Between R Objects and Geometric Structures},
  author = {David Cooley},
  year = {2024},
  note = {R package version 0.2.4},
  url = {https://CRAN.R-project.org/package=geometries},
}
@Manual{ggrepel,
title = {{ggrepel}: Automatically Position Non-Overlapping Text Labels with
`{ggplot2}'},
  author = {Kamil Slowikowski},
  year = {2024},
  note = {R package version 0.9.5, https://github.com/slowkow/ggrepel},
  url = {https://ggrepel.slowkow.com/},
}
@Manual{glue,
title = {{glue}: Interpreted String Literals},
  author = {Jim Hester and Jennifer Bryan},
  year = {2024},
  note = {R package version 1.8.0},
  url = {https://CRAN.R-project.org/package=glue},
}
@Manual{gtable,
title = {{gtable}: Arrange `{Grobs}' in Tables},
  author = {Hadley Wickham and Thomas Lin Pedersen},
  year = {2024},
  note = {R package version 0.3.6},
  url = {https://CRAN.R-project.org/package=gtable},
}
@Manual{here,
title = {{here}: A Simpler Way to Find Your Files},
  author = {Kirill Müller},
  year = {2020},
  note = {R package version 1.0.1},
  url = {https://CRAN.R-project.org/package=here},
}
@Manual{hexbin,
title = {{hexbin}: Hexagonal Binning Routines},
  author = {Dan Carr and ported by Nicholas Lewin-Koh and Martin Maechler and contains copies of lattice functions written by Deepayan Sarkar},
  year = {2024},
  note = {R package version 1.28.4},
  url = {https://github.com/edzer/hexbin},
}
@Manual{highr,
title = {{highr}: Syntax Highlighting for R Source Code},
  author = {Yihui Xie and Yixuan Qiu},
  year = {2024},
  note = {R package version 0.11},
  url = {https://CRAN.R-project.org/package=highr},
}
@Manual{htmltools,
title = {{htmltools}: Tools for HTML},
  author = {Joe Cheng and Carson Sievert and Barret Schloerke and Winston Chang and Yihui Xie and Jeff Allen},
  year = {2024},
  note = {R package version 0.5.8.1},
  url = {https://CRAN.R-project.org/package=htmltools},
}
@Manual{htmlwidgets,
title = {{htmlwidgets}: HTML Widgets for R},
  author = {Ramnath Vaidyanathan and Yihui Xie and JJ Allaire and Joe Cheng and Carson Sievert and Kenton Russell},
  year = {2023},
  note = {R package version 1.6.4},
  url = {https://CRAN.R-project.org/package=htmlwidgets},
}
@Manual{httpuv,
title = {{httpuv}: HTTP and WebSocket Server Library},
  author = {Joe Cheng and Winston Chang and Steve Reid and James Brown and Bob Trower and Alexander Peslyak},
  year = {2025},
  note = {R package version 1.6.16},
  url = {https://CRAN.R-project.org/package=httpuv},
}
@Manual{httr2,
  title = {httr2: Perform HTTP Requests and Process the Responses},
  author = {Hadley Wickham},
  year = {2025},
  note = {R package version 1.1.2},
  url = {https://CRAN.R-project.org/package=httr2},
}
@Manual{ids,
title = {{ids}: Generate Random Identifiers},
  author = {Rich FitzJohn},
  year = {2017},
  note = {R package version 1.0.1},
  url = {https://CRAN.R-project.org/package=ids},
}
@Article{igraph2006,
  title = {The igraph software package for complex network research},
  author = {Gabor Csardi and Tamas Nepusz},
  journal = {InterJournal},
  volume = {Complex Systems},
  pages = {1695},
  year = {2006},
  url = {https://igraph.org},
}

@Manual{igraph2025,
  title = {{igraph}: Network Analysis and Visualization in R},
  author = {Gábor Csárdi and Tamás Nepusz and Vincent Traag and Szabolcs Horvát and Fabio Zanini and Daniel Noom and Kirill Müller},
  year = {2025},
  note = {R package version 2.1.4},
  doi = {10.5281/zenodo.7682609},
  url = {https://CRAN.R-project.org/package=igraph},
}
@Article{insight,
  title = {{insight}: A Unified Interface to Access Information from Model Objects in {R}.},
  volume = {4},
  doi = {10.21105/joss.01412},
  number = {38},
  journal = {Journal of Open Source Software},
  author = {Daniel Lüdecke and Philip Waggoner and Dominique Makowski},
  year = {2019},
  pages = {1412},
}
@Manual{interp,
title = {{interp}: Interpolation Methods},
  author = {Albrecht Gebhardt and Roger Bivand and David Sinclair},
  year = {2024},
  note = {R package version 1.1-6},
  url = {https://CRAN.R-project.org/package=interp},
}
@Manual{isoband,
title = {{isoband}: Generate Isolines and Isobands from Regularly Spaced Elevation
Grids},
  author = {Hadley Wickham and Claus O. Wilke and Thomas Lin Pedersen},
  year = {2022},
  note = {R package version 0.2.7},
  url = {https://CRAN.R-project.org/package=isoband},
}
@Manual{jpeg,
title = {{jpeg}: Read and write JPEG images},
  author = {Simon Urbanek},
  year = {2022},
  note = {R package version 0.1-10},
  url = {https://www.rforge.net/jpeg/},
}
@Manual{jquerylib,
title = {{jquerylib}: Obtain `{jQuery}' as an HTML Dependency Object},
  author = {Carson Sievert and Joe Cheng},
  year = {2021},
  note = {R package version 0.1.4},
  url = {https://CRAN.R-project.org/package=jquerylib},
}
@Manual{jsonify,
title = {{jsonify}: Convert Between `{R}' Objects and Javascript Object Notation
(JSON)},
  author = {David Cooley},
  year = {2022},
  note = {R package version 1.2.2},
  url = {https://CRAN.R-project.org/package=jsonify},
}
@Manual{kableExtra,
title = {{kableExtra}: Construct Complex Table with `{kable}' and Pipe Syntax},
  author = {Hao Zhu},
  year = {2024},
  note = {R package version 1.4.0},
  url = {https://CRAN.R-project.org/package=kableExtra},
}
@Manual{knitr2025,
title = {{knitr}: A General-Purpose Package for Dynamic Report Generation in {R}},
  author = {Yihui Xie},
  year = {2025},
  note = {R package version 1.50},
  url = {https://yihui.org/knitr/},
}

@Book{knitr2015,
  title = {Dynamic Documents with {R} and knitr},
  author = {Yihui Xie},
  publisher = {Chapman and Hall/CRC},
  address = {Boca Raton, Florida},
  year = {2015},
  edition = {2nd},
  note = {ISBN 978-1498716963},
  url = {https://yihui.org/knitr/},
}

@InCollection{knitr2014,
  booktitle = {Implementing Reproducible Computational Research},
  editor = {Victoria Stodden and Friedrich Leisch and Roger D. Peng},
title = {{knitr}: A Comprehensive Tool for Reproducible Research in {R}},
  author = {Yihui Xie},
  publisher = {Chapman and Hall/CRC},
  year = {2014},
  note = {ISBN 978-1466561595},
}
@Manual{labeling,
title = {{labeling}: Axis Labeling},
  author = {Justin Talbot,},
  year = {2023},
  note = {R package version 0.4.3},
  url = {https://CRAN.R-project.org/package=labeling},
}
@Manual{lambdar,
title = {{lambda.r}: Modeling Data with Functional Programming},
  author = {Brian Lee Yung Rowe},
  year = {2019},
  note = {R package version 1.2.4},
  url = {https://CRAN.R-project.org/package=lambda.r},
}
@Manual{LandUseR,
title = {{LandUseR}: Measurement for Coeurdacier, Oswald and Teignier},
  author = {Florian Oswald},
  note = {R package version 0.0.0.9000},
}
@Manual{later,
title = {{later}: Utilities for Scheduling Functions to Execute Later with Event
Loops},
  author = {Winston Chang and Joe Cheng and Charlie Gao},
  year = {2025},
  note = {R package version 1.4.2},
  url = {https://CRAN.R-project.org/package=later},
}
@Manual{latticeExtra,
title = {{latticeExtra}: Extra Graphical Utilities Based on Lattice},
  author = {Deepayan Sarkar and Felix Andrews},
  year = {2022},
  note = {R package version 0.6-30},
  url = {https://CRAN.R-project.org/package=latticeExtra},
}
@Manual{lazyeval,
title = {{lazyeval}: Lazy (Non-Standard) Evaluation},
  author = {Hadley Wickham},
  year = {2019},
  note = {R package version 0.2.2},
  url = {https://CRAN.R-project.org/package=lazyeval},
}
@Manual{leafem,
title = {{leafem}: `{leaflet}' Extensions for `{mapview}'},
  author = {Tim Appelhans},
  year = {2025},
  note = {R package version 0.2.4},
  url = {https://CRAN.R-project.org/package=leafem},
}
@Manual{leafgl,
title = {{leafgl}: High-Performance `{WebGl}' Rendering for Package `{leaflet}'},
  author = {Tim Appelhans},
  year = {2024},
  note = {R package version 0.2.2},
  url = {https://CRAN.R-project.org/package=leafgl},
}
@Manual{leaflegend,
title = {{leaflegend}: Create Custom Legends for Leaflet},
  author = {Thomas Roh},
  year = {2024},
  url = {https://leaflegend.roh.engineering},
}
@Manual{leaflet,
title = {{leaflet}: Create Interactive Web Maps with the JavaScript `{Leaflet}'
Library},
  author = {Joe Cheng and Barret Schloerke and Bhaskar Karambelkar and Yihui Xie},
  year = {2024},
  note = {R package version 2.2.2},
  url = {https://CRAN.R-project.org/package=leaflet},
}
@Manual{leafletproviders,
title = {{leaflet.providers}: Leaflet Providers},
  author = {Leslie Huang},
  year = {2023},
  note = {R package version 2.0.0},
  url = {https://CRAN.R-project.org/package=leaflet.providers},
}
@Manual{leafpop,
title = {{leafpop}: Include Tables, Images and Graphs in Leaflet Pop-Ups},
  author = {Tim Appelhans and Florian Detsch},
  year = {2021},
  note = {R package version 0.1.0},
  url = {https://CRAN.R-project.org/package=leafpop},
}
@Manual{leafsync,
title = {{leafsync}: Small Multiples for Leaflet Web Maps},
  author = {Tim Appelhans and Kenton Russell},
  year = {2019},
  note = {R package version 0.1.0},
  url = {https://CRAN.R-project.org/package=leafsync},
}
@Manual{lifecycle,
title = {{lifecycle}: Manage the Life Cycle of your Package Functions},
  author = {Lionel Henry and Hadley Wickham},
  year = {2023},
  note = {R package version 1.0.4},
  url = {https://CRAN.R-project.org/package=lifecycle},
}
@Manual{logger,
title = {{logger}: A Lightweight, Modern and Flexible Logging Utility},
  author = {Gergely Daróczi and Hadley Wickham},
  year = {2024},
  note = {R package version 0.4.0},
  url = {https://CRAN.R-project.org/package=logger},
}
@Manual{lwgeom,
title = {{lwgeom}: Bindings to Selected `{liblwgeom}' Functions for Simple Features},
  author = {Edzer Pebesma},
  year = {2024},
  note = {R package version 0.2-14},
  url = {https://CRAN.R-project.org/package=lwgeom},
}
@Manual{maptiles,
title = {{maptiles}: Download and Display Map Tiles},
  author = {Timothée Giraud},
  year = {2025},
  note = {R package version 0.10.0},
  url = {https://CRAN.R-project.org/package=maptiles},
}
@Manual{mapview,
title = {{mapview}: Interactive Viewing of Spatial Data in R},
  author = {Tim Appelhans and Florian Detsch and Christoph Reudenbach and Stefan Woellauer},
  year = {2023},
  note = {R package version 2.11.2},
  url = {https://CRAN.R-project.org/package=mapview},
}
@Manual{MatrixModels,
title = {{MatrixModels}: Modelling with Sparse and Dense Matrices},
  author = {Douglas Bates and Martin Maechler},
  year = {2025},
  note = {R package version 0.5-4},
  url = {https://CRAN.R-project.org/package=MatrixModels},
}
@Manual{memoise,
title = {{memoise}: `{Memoisation}' of Functions},
  author = {Hadley Wickham and Jim Hester and Winston Chang and Kirill Müller and Daniel Cook},
  year = {2021},
  note = {R package version 2.0.1},
  url = {https://CRAN.R-project.org/package=memoise},
}
@Manual{mime,
title = {{mime}: Map Filenames to MIME Types},
  author = {Yihui Xie},
  year = {2025},
  note = {R package version 0.13},
  url = {https://CRAN.R-project.org/package=mime},
}
@Manual{minty,
title = {{minty}: Minimal Type Guesser},
  author = {Chung-hong Chan and Hadley Wickham and Jim Hester and Jennifer Bryan and David Olson},
  year = {2024},
  note = {R package version 0.0.1, 
https://github.com/gesistsa/minty},
  url = {https://gesistsa.github.io/minty/},
}
@Article{modelsummary,
  title = {{modelsummary}: Data and Model Summaries in {R}},
  author = {Vincent Arel-Bundock},
  journal = {Journal of Statistical Software},
  year = {2022},
  volume = {103},
  number = {1},
  pages = {1--23},
  doi = {10.18637/jss.v103.i01},
}
@Manual{numDeriv,
title = {{numDeriv}: Accurate Numerical Derivatives},
  author = {Paul Gilbert and Ravi Varadhan},
  year = {2019},
  note = {R package version 2016.8-1.1},
  url = {https://CRAN.R-project.org/package=numDeriv},
}
@Manual{openssl,
title = {{openssl}: Toolkit for Encryption, Signatures and Certificates Based on
OpenSSL},
  author = {Jeroen Ooms},
  year = {2025},
  note = {R package version 2.3.3},
  url = {https://CRAN.R-project.org/package=openssl},
}
@Article{parameters,
  title = {Extracting, Computing and Exploring the Parameters of Statistical Models using {R}.},
  volume = {5},
  doi = {10.21105/joss.02445},
  number = {53},
  journal = {Journal of Open Source Software},
  author = {Daniel Lüdecke and Mattan S. Ben-Shachar and Indrajeet Patil and Dominique Makowski},
  year = {2020},
  pages = {2445},
}
@Article{performance,
  title = {{performance}: An {R} Package for Assessment, Comparison and Testing of Statistical Models},
  author = {Daniel Lüdecke and Mattan S. Ben-Shachar and Indrajeet Patil and Philip Waggoner and Dominique Makowski},
  year = {2021},
  journal = {Journal of Open Source Software},
  volume = {6},
  number = {60},
  pages = {3139},
  doi = {10.21105/joss.03139},
}
@Manual{pkgbuild,
title = {{pkgbuild}: Find Tools Needed to Build R Packages},
  author = {Hadley Wickham and Jim Hester and Gábor Csárdi},
  year = {2025},
  note = {R package version 1.4.8},
  url = {https://CRAN.R-project.org/package=pkgbuild},
}
@Manual{pkgconfig,
title = {{pkgconfig}: Private Configuration for `{R}' Packages},
  author = {Gábor Csárdi},
  year = {2019},
  note = {R package version 2.0.3},
  url = {https://CRAN.R-project.org/package=pkgconfig},
}
@Manual{pkgdown,
title = {{pkgdown}: Make Static HTML Documentation for a Package},
  author = {Hadley Wickham and Jay Hesselberth and Maëlle Salmon and Olivier Roy and Salim Brüggemann},
  year = {2025},
  note = {R package version 2.1.3},
  url = {https://CRAN.R-project.org/package=pkgdown},
}
@Manual{pkgload,
title = {{pkgload}: Simulate Package Installation and Attach},
  author = {Hadley Wickham and Winston Chang and Jim Hester and Lionel Henry},
  year = {2024},
  note = {R package version 1.4.0},
  url = {https://CRAN.R-project.org/package=pkgload},
}
@Article{plyr,
  title = {The Split-Apply-Combine Strategy for Data Analysis},
  author = {Hadley Wickham},
  journal = {Journal of Statistical Software},
  year = {2011},
  volume = {40},
  number = {1},
  pages = {1--29},
  url = {https://www.jstatsoft.org/v40/i01/},
}
@Manual{png,
title = {{png}: Read and write PNG images},
  author = {Simon Urbanek},
  year = {2022},
  note = {R package version 0.1-8},
  url = {https://CRAN.R-project.org/package=png},
}
@Manual{praise,
title = {{praise}: Praise Users},
  author = {Gabor Csardi and Sindre Sorhus},
  year = {2015},
  note = {R package version 1.0.0},
  url = {https://CRAN.R-project.org/package=praise},
}
@Manual{prettyunits,
title = {{prettyunits}: Pretty, Human Readable Formatting of Quantities},
  author = {Gabor Csardi},
  year = {2023},
  note = {R package version 1.2.0},
  url = {https://CRAN.R-project.org/package=prettyunits},
}
@Manual{processx,
title = {{processx}: Execute and Control System Processes},
  author = {Gábor Csárdi and Winston Chang},
  year = {2025},
  note = {R package version 3.8.6},
  url = {https://CRAN.R-project.org/package=processx},
}
@Manual{progress,
title = {{progress}: Terminal Progress Bars},
  author = {Gábor Csárdi and Rich FitzJohn},
  year = {2023},
  note = {R package version 1.2.3},
  url = {https://CRAN.R-project.org/package=progress},
}
@Manual{promises,
title = {{promises}: Abstractions for Promise-Based Asynchronous Programming},
  author = {Joe Cheng},
  year = {2025},
  note = {R package version 1.3.3},
  url = {https://CRAN.R-project.org/package=promises},
}
@Manual{proxy,
title = {{proxy}: Distance and Similarity Measures},
  author = {David Meyer and Christian Buchta},
  year = {2022},
  note = {R package version 0.4-27},
  url = {https://CRAN.R-project.org/package=proxy},
}
@Manual{ps,
title = {{ps}: List, Query, Manipulate System Processes},
  author = {Jay Loden and Dave Daeschler and Giampaolo Rodola' and Gábor Csárdi},
  year = {2025},
  note = {R package version 1.9.1},
  url = {https://CRAN.R-project.org/package=ps},
}
@Manual{quadprog,
title = {{quadprog}: Functions to Solve Quadratic Programming Problems},
  author = {S original by Berwin A. Turlach R port by Andreas Weingessel <Andreas.Weingessel@ci.tuwien.ac.at> Fortran contributions from Cleve Moler dpodi/LINPACK)},
  year = {2019},
  note = {R package version 1.5-8},
  url = {https://CRAN.R-project.org/package=quadprog},
}
@Manual{quantreg,
title = {{quantreg}: Quantile Regression},
  author = {Roger Koenker},
  year = {2025},
  note = {R package version 6.1},
  url = {https://CRAN.R-project.org/package=quantreg},
}
@Manual{R6,
  title = {R6: Encapsulated Classes with Reference Semantics},
  author = {Winston Chang},
  year = {2025},
  note = {R package version 2.6.1},
  url = {https://CRAN.R-project.org/package=R6},
}
@Manual{rapidjsonr,
title = {{rapidjsonr}: `{Rapidjson}' C++ Header Files},
  author = {David Cooley},
  year = {2020},
  note = {R package version 1.2.0},
  url = {https://CRAN.R-project.org/package=rapidjsonr},
}
@Manual{rappdirs,
title = {{rappdirs}: Application Directories: Determine Where to Save Data, Caches,
and Logs},
  author = {Sridhar Ratnakumar and Trent Mick and Trevor Davis},
  year = {2021},
  note = {R package version 0.3.3},
  url = {https://CRAN.R-project.org/package=rappdirs},
}
@Manual{raster,
title = {{raster}: Geographic Data Analysis and Modeling},
  author = {Robert J. Hijmans},
  year = {2025},
  note = {R package version 3.6-32},
  url = {https://CRAN.R-project.org/package=raster},
}
@Manual{rasterVis,
  title = {{rasterVis}},
  author = {{Oscar Perpi{\~n}{\'a}n} and {Robert Hijmans}},
  year = {2023},
  url = {https://oscarperpinan.github.io/rastervis/},
  note = {R package version 0.51.6},
}
@Manual{RColorBrewer,
title = {{RColorBrewer}: ColorBrewer Palettes},
  author = {Erich Neuwirth},
  year = {2022},
  note = {R package version 1.1-3},
  url = {https://CRAN.R-project.org/package=RColorBrewer},
}
@Manual{Rcpp2025,
title = {{Rcpp}: Seamless R and C++ Integration},
  author = {Dirk Eddelbuettel and Romain Francois and JJ Allaire and Kevin Ushey and Qiang Kou and Nathan Russell and Iñaki Ucar and Doug Bates and John Chambers},
  year = {2025},
  note = {R package version 1.0.14},
  url = {https://CRAN.R-project.org/package=Rcpp},
}

@Article{Rcpp2011,
  title = {{Rcpp}: Seamless {R} and {C++} Integration},
  author = {Dirk Eddelbuettel and Romain Fran\c{c}ois},
  journal = {Journal of Statistical Software},
  year = {2011},
  volume = {40},
  number = {8},
  pages = {1--18},
  doi = {10.18637/jss.v040.i08},
}

@Book{Rcpp2013,
  title = {Seamless {R} and {C++} Integration with {Rcpp}},
  author = {Dirk Eddelbuettel},
  publisher = {Springer},
  address = {New York},
  year = {2013},
  note = {ISBN 978-1-4614-6867-7},
  doi = {10.1007/978-1-4614-6868-4},
}

@Article{Rcpp2018,
  title = {{Extending {R} with {C++}: A Brief Introduction to {Rcpp}}},
  author = {Dirk Eddelbuettel and James Joseph Balamuta},
  journal = {The American Statistician},
  year = {2018},
  volume = {72},
  number = {1},
  pages = {28-36},
  doi = {10.1080/00031305.2017.1375990},
}
@Article{RcppEigen,
  title = {Fast and Elegant Numerical Linear Algebra Using the {RcppEigen} Package},
  author = {Douglas Bates and Dirk Eddelbuettel},
  journal = {Journal of Statistical Software},
  year = {2013},
  volume = {52},
  number = {5},
  pages = {1--24},
  doi = {10.18637/jss.v052.i05},
}
@Manual{readODS,
title = {{readODS}: Read and Write ODS Files},
  author = {Gerrit-Jan Schutten and Chung-hong Chan and Peter Brohan and Detlef Steuer and Thomas J. Leeper},
  year = {2024},
  note = {R package version 2.3.1},
  url = {https://CRAN.R-project.org/package=readODS},
}
@Manual{rematch,
title = {{rematch}: Match Regular Expressions with a Nicer `{API}'},
  author = {Gabor Csardi},
  year = {2023},
  note = {R package version 2.0.0},
  url = {https://CRAN.R-project.org/package=rematch},
}
@Manual{rematch2,
  title = {rematch2: Tidy Output from Regular Expression Matching},
  author = {Gábor Csárdi},
  year = {2020},
  note = {R package version 2.1.2},
  url = {https://CRAN.R-project.org/package=rematch2},
}
@Manual{remotes,
title = {{remotes}: R Package Installation from Remote Repositories, Including
`{GitHub}'},
  author = {Gábor Csárdi and Jim Hester and Hadley Wickham and Winston Chang and Martin Morgan and Dan Tenenbaum},
  year = {2024},
  note = {R package version 2.5.0},
  url = {https://CRAN.R-project.org/package=remotes},
}
@Manual{renv,
title = {{renv}: Project Environments},
  author = {Kevin Ushey and Hadley Wickham},
  year = {2025},
  note = {R package version 1.1.4},
  url = {https://CRAN.R-project.org/package=renv},
}
@Manual{rmarkdown2024,
title = {{rmarkdown}: Dynamic Documents for R},
  author = {JJ Allaire and Yihui Xie and Christophe Dervieux and Jonathan McPherson and Javier Luraschi and Kevin Ushey and Aron Atkins and Hadley Wickham and Joe Cheng and Winston Chang and Richard Iannone},
  year = {2024},
  note = {R package version 2.29},
  url = {https://github.com/rstudio/rmarkdown},
}

@Book{rmarkdown2018,
  title = {R Markdown: The Definitive Guide},
  author = {Yihui Xie and J.J. Allaire and Garrett Grolemund},
  publisher = {Chapman and Hall/CRC},
  address = {Boca Raton, Florida},
  year = {2018},
  isbn = {9781138359338},
  url = {https://bookdown.org/yihui/rmarkdown},
}

@Book{rmarkdown2020,
  title = {R Markdown Cookbook},
  author = {Yihui Xie and Christophe Dervieux and Emily Riederer},
  publisher = {Chapman and Hall/CRC},
  address = {Boca Raton, Florida},
  year = {2020},
  isbn = {9780367563837},
  url = {https://bookdown.org/yihui/rmarkdown-cookbook},
}
@Manual{rnaturalearth,
title = {{rnaturalearth}: World Map Data from Natural Earth},
  author = {Philippe Massicotte and Andy South},
  year = {2023},
  note = {R package version 1.0.1},
  url = {https://CRAN.R-project.org/package=rnaturalearth},
}
@Manual{roxygen2,
  title = {roxygen2: In-Line Documentation for R},
  author = {Hadley Wickham and Peter Danenberg and Gábor Csárdi and Manuel Eugster},
  year = {2024},
  note = {R package version 7.3.2},
  url = {https://CRAN.R-project.org/package=roxygen2},
}
@Manual{rprojroot,
title = {{rprojroot}: Finding Files in Project Subdirectories},
  author = {Kirill Müller},
  year = {2023},
  note = {R package version 2.0.4},
  url = {https://CRAN.R-project.org/package=rprojroot},
}
@Manual{s2,
  title = {s2: Spherical Geometry Operators Using the S2 Geometry Library},
  author = {Dewey Dunnington and Edzer Pebesma and Ege Rubak},
  year = {2025},
  note = {R package version 1.1.9},
  url = {https://CRAN.R-project.org/package=s2},
}
@Article{sandwich2020,
  title = {Various Versatile Variances: An Object-Oriented Implementation of Clustered Covariances in {R}},
  author = {Achim Zeileis and Susanne K\"oll and Nathaniel Graham},
  journal = {Journal of Statistical Software},
  year = {2020},
  volume = {95},
  number = {1},
  pages = {1--36},
  doi = {10.18637/jss.v095.i01},
}

@Article{sandwich2004,
  title = {Econometric Computing with {HC} and {HAC} Covariance Matrix Estimators},
  author = {Achim Zeileis},
  journal = {Journal of Statistical Software},
  year = {2004},
  volume = {11},
  number = {10},
  pages = {1--17},
  doi = {10.18637/jss.v011.i10},
}

@Article{sandwich2006,
  title = {Object-Oriented Computation of Sandwich Estimators},
  author = {Achim Zeileis},
  journal = {Journal of Statistical Software},
  year = {2006},
  volume = {16},
  number = {9},
  pages = {1--16},
  doi = {10.18637/jss.v016.i09},
}
@Manual{sass,
title = {{sass}: Syntactically Awesome Style Sheets (`{Sass}')},
  author = {Joe Cheng and Timothy Mastny and Richard Iannone and Barret Schloerke and Carson Sievert},
  year = {2025},
  note = {R package version 0.4.10},
  url = {https://CRAN.R-project.org/package=sass},
}
@Manual{satellite,
title = {{satellite}: Handling and Manipulating Remote Sensing Data},
  author = {Thomas Nauss and Hanna Meyer and Tim Appelhans and Florian Detsch},
  year = {2024},
  note = {R package version 1.0.5},
  url = {https://CRAN.R-project.org/package=satellite},
}
@Manual{scales,
title = {{scales}: Scale Functions for Visualization},
  author = {Hadley Wickham and Thomas Lin Pedersen and Dana Seidel},
  year = {2025},
  note = {R package version 1.4.0},
  url = {https://CRAN.R-project.org/package=scales},
}
@TechReport{selectr,
  title = {Introducing the selectr Package},
  author = {Simon Potter},
  institution = {The University of Auckland},
  address = {Auckland, New Zealand},
  year = {2012},
  url = {http://stattech.wordpress.fos.auckland.ac.nz/2012-10-introducing-the-selectr-package/},
}
@Manual{servr,
title = {{servr}: A Simple HTTP Server to Serve Static Files or Dynamic Documents},
  author = {Yihui Xie},
  year = {2024},
  note = {R package version 0.32},
  url = {https://CRAN.R-project.org/package=servr},
}
@Manual{sessioninfo,
title = {{sessioninfo}: R Session Information},
  author = {Hadley Wickham and Winston Chang and Robert Flight and Kirill Müller and Jim Hester},
  year = {2021},
  note = {R package version 1.2.2, 
https://r-lib.github.io/sessioninfo/},
  url = {https://github.com/r-lib/sessioninfo#readme},
}
@Book{sf2023,
  author = {Edzer Pebesma and Roger Bivand},
  title = {{Spatial Data Science: With applications in R}},
  year = {2023},
  publisher = {{Chapman and Hall/CRC}},
  url = {https://r-spatial.org/book/},
  doi = {10.1201/9780429459016},
}

@Article{sf2018,
  author = {Edzer Pebesma},
  title = {{Simple Features for R: Standardized Support for Spatial Vector Data}},
  year = {2018},
  journal = {{The R Journal}},
  doi = {10.32614/RJ-2018-009},
  url = {https://doi.org/10.32614/RJ-2018-009},
  pages = {439--446},
  volume = {10},
  number = {1},
}
@Manual{sfheaders,
title = {{sfheaders}: Converts Between R Objects and Simple Feature Objects},
  author = {David Cooley},
  year = {2024},
  note = {R package version 0.4.4},
  url = {https://CRAN.R-project.org/package=sfheaders},
}
@Manual{slippymath,
title = {{slippymath}: Slippy Map Tile Tools},
  author = {Miles McBain and Michael Sumner},
  year = {2019},
  note = {R package version 0.3.1},
  url = {https://CRAN.R-project.org/package=slippymath},
}
@Article{sp2005,
  author = {Edzer J. Pebesma and Roger Bivand},
  title = {Classes and methods for spatial data in {R}},
  journal = {R News},
  year = {2005},
  volume = {5},
  number = {2},
  pages = {9--13},
  month = {November},
  url = {https://CRAN.R-project.org/doc/Rnews/},
}

@Book{sp2013,
  author = {Roger S. Bivand and Edzer Pebesma and Virgilio Gomez-Rubio},
  title = {Applied spatial data analysis with {R}, Second edition},
  year = {2013},
  publisher = {Springer, NY},
  url = {https://asdar-book.org/},
}
@Manual{spacesXYZ,
title = {{spacesXYZ}: CIE XYZ and some of Its Derived Color Spaces},
  author = {Glenn Davis},
  year = {2025},
  note = {R package version 1.6-0},
  url = {https://CRAN.R-project.org/package=spacesXYZ},
}
@Manual{SparseM,
title = {{SparseM}: Sparse Linear Algebra},
  author = {Roger Koenker},
  year = {2024},
  note = {R package version 1.84-2},
  url = {https://CRAN.R-project.org/package=SparseM},
}
@Book{stars,
  title = {{Spatial Data Science: With applications in R}},
  author = {Edzer Pebesma and Roger Bivand},
  year = {2023},
  publisher = {Chapman and Hall/CRC},
  address = {London},
  url = {https://r-spatial.org/book/},
  pages = {352},
  doi = {10.1201/9780429459016},
}
@Article{stringdist,
  title = {The stringdist package for approximate string matching},
  author = {M.P.J. {van der Loo}},
  year = {2014},
  journal = {The {R} {J}ournal},
  volume = {6},
  issue = {1},
  url = {https://CRAN.R-project.org/package=stringdist},
  pages = {111-122},
}
@Article{stringi,
  title = {{stringi}: {F}ast and portable character string processing in {R}},
  author = {Marek Gagolewski},
  journal = {Journal of Statistical Software},
  year = {2022},
  volume = {103},
  number = {2},
  pages = {1--59},
  doi = {10.18637/jss.v103.i02},
}
@Manual{stringmagic,
title = {{stringmagic}: Character String Operations and Interpolation, Magic Edition},
  author = {Laurent R Berge},
  year = {2025},
  note = {R package version 1.2.0},
  url = {https://CRAN.R-project.org/package=stringmagic},
}
@Manual{svglite,
title = {{svglite}: An `{SVG}' Graphics Device},
  author = {Hadley Wickham and Lionel Henry and Thomas Lin Pedersen and T Jake Luciani and Matthieu Decorde and Vaudor Lise},
  year = {2025},
  note = {R package version 2.2.1},
  url = {https://CRAN.R-project.org/package=svglite},
}
@Manual{sys,
title = {{sys}: Powerful and Reliable Tools for Running System Commands in R},
  author = {Jeroen Ooms},
  year = {2024},
  note = {R package version 3.4.3},
  url = {https://CRAN.R-project.org/package=sys},
}
@Manual{systemfonts,
title = {{systemfonts}: System Native Font Finding},
  author = {Thomas Lin Pedersen and Jeroen Ooms and Devon Govett},
  year = {2025},
  note = {R package version 1.2.3},
  url = {https://CRAN.R-project.org/package=systemfonts},
}
@Manual{tables,
title = {{tables}: Formula-Driven Table Generation},
  author = {Duncan Murdoch},
  year = {2024},
  note = {R package version 0.9.31},
  url = {https://CRAN.R-project.org/package=tables},
}
@Manual{terra,
title = {{terra}: Spatial Data Analysis},
  author = {Robert J. Hijmans},
  year = {2025},
  note = {R package version 1.8-54},
  url = {https://CRAN.R-project.org/package=terra},
}
@Article{testthat,
  author = {Hadley Wickham},
title = {{testthat}: Get Started with Testing},
  journal = {The R Journal},
  year = {2011},
  volume = {3},
  pages = {5--10},
  url = {https://journal.r-project.org/archive/2011-1/RJournal_2011-1_Wickham.pdf},
}
@Manual{textshaping,
title = {{textshaping}: Bindings to the `{HarfBuzz}' and `{Fribidi}' Libraries for Text
Shaping},
  author = {Thomas Lin Pedersen},
  year = {2025},
  note = {R package version 1.0.1},
  url = {https://CRAN.R-project.org/package=textshaping},
}
@Manual{tidyselect,
title = {{tidyselect}: Select from a Set of Strings},
  author = {Lionel Henry and Hadley Wickham},
  year = {2024},
  note = {R package version 1.2.1},
  url = {https://CRAN.R-project.org/package=tidyselect},
}
@Manual{timechange,
title = {{timechange}: Efficient Manipulation of Date-Times},
  author = {Vitalie Spinu},
  year = {2024},
  note = {R package version 0.3.0},
  url = {https://CRAN.R-project.org/package=timechange},
}
@Manual{tinytable,
title = {{tinytable}: Simple and Configurable Tables in `{HTML}', `{LaTeX}', `{Markdown}',
`{Word}', `{PNG}', `{PDF}', and `{Typst}' Formats},
  author = {Vincent Arel-Bundock},
  year = {2025},
  note = {R package version 0.9.0},
  url = {https://CRAN.R-project.org/package=tinytable},
}
@Manual{tinytex2025,
title = {{tinytex}: Helper Functions to Install and Maintain TeX Live, and Compile
LaTeX Documents},
  author = {Yihui Xie},
  year = {2025},
  note = {R package version 0.57},
  url = {https://github.com/rstudio/tinytex},
}

@Article{tinytex2019,
title = {{TinyTeX}: A lightweight, cross-platform, and easy-to-maintain LaTeX distribution based on TeX Live},
  author = {Yihui Xie},
  journal = {TUGboat},
  year = {2019},
  volume = {40},
  number = {1},
  pages = {30--32},
  url = {https://tug.org/TUGboat/Contents/contents40-1.html},
}
@Article{tmap,
  title = {{tmap}: Thematic Maps in {R}},
  author = {Martijn Tennekes},
  journal = {Journal of Statistical Software},
  year = {2018},
  volume = {84},
  number = {6},
  pages = {1--39},
  doi = {10.18637/jss.v084.i06},
}
@Manual{tmaptools,
title = {{tmaptools}: Thematic Map Tools},
  author = {Martijn Tennekes},
  year = {2021},
  note = {R package version 3.1-1},
  url = {https://CRAN.R-project.org/package=tmaptools},
}
@Manual{tzdb,
title = {{tzdb}: Time Zone Database Information},
  author = {Davis Vaughan},
  year = {2025},
  note = {R package version 0.5.0},
  url = {https://CRAN.R-project.org/package=tzdb},
}
@Article{units,
  title = {Measurement Units in {R}},
  author = {Edzer Pebesma and Thomas Mailund and James Hiebert},
  year = {2016},
  journal = {R Journal},
  doi = {10.32614/RJ-2016-061},
  pages = {486--494},
  volume = {8},
  number = {2},
}
@Manual{utf8,
  title = {utf8: Unicode Text Processing},
  author = {Patrick O. Perry},
  year = {2025},
  note = {R package version 1.2.5},
  url = {https://CRAN.R-project.org/package=utf8},
}
@Manual{uuid,
title = {{uuid}: Tools for Generating and Handling of UUIDs},
  author = {Simon Urbanek and Theodore Ts'o},
  year = {2024},
  note = {R package version 1.2-1},
  url = {https://CRAN.R-project.org/package=uuid},
}
@Manual{vctrs,
title = {{vctrs}: Vector Helpers},
  author = {Hadley Wickham and Lionel Henry and Davis Vaughan},
  year = {2023},
  note = {R package version 0.6.5},
  url = {https://CRAN.R-project.org/package=vctrs},
}
@Manual{viridisLite,
  title = {{viridis(Lite)} - Colorblind-Friendly Color Maps for R},
  author = {{Garnier} and {Simon} and {Ross} and {Noam} and {Rudis} and {Robert} and {Camargo} and Antônio Pedro and {Sciaini} and {Marco} and {Scherer} and {Cédric}},
  year = {2023},
  note = {viridisLite package version 0.4.2},
  url = {https://sjmgarnier.github.io/viridis/},
  doi = {10.5281/zenodo.4678327},
}
@Manual{vroom,
title = {{vroom}: Read and Write Rectangular Text Data Quickly},
  author = {Jim Hester and Hadley Wickham and Jennifer Bryan},
  year = {2023},
  note = {R package version 1.6.5},
  url = {https://CRAN.R-project.org/package=vroom},
}
@Manual{waldo,
title = {{waldo}: Find Differences Between R Objects},
  author = {Hadley Wickham},
  year = {2024},
  note = {R package version 0.6.1},
  url = {https://CRAN.R-project.org/package=waldo},
}
@Manual{whisker,
title = {{whisker}: {{mustache}} for R, Logicless Templating},
  author = {Edwin {de Jonge}},
  year = {2022},
  note = {R package version 0.4.1},
  url = {https://CRAN.R-project.org/package=whisker},
}
@Manual{withr,
title = {{withr}: Run Code `{With}' Temporarily Modified Global State},
  author = {Jim Hester and Lionel Henry and Kirill Müller and Kevin Ushey and Hadley Wickham and Winston Chang},
  year = {2024},
  note = {R package version 3.0.2},
  url = {https://CRAN.R-project.org/package=withr},
}
@Manual{wk,
title = {{wk}: Lightweight Well-Known Geometry Parsing},
  author = {Dewey Dunnington and Edzer Pebesma},
  year = {2024},
  note = {R package version 0.9.4},
  url = {https://CRAN.R-project.org/package=wk},
}
@Manual{xfun,
title = {{xfun}: Supporting Functions for Packages Maintained by `{Yihui Xie}'},
  author = {Yihui Xie},
  year = {2025},
  note = {R package version 0.52},
  url = {https://CRAN.R-project.org/package=xfun},
}
@Manual{XML,
title = {{XML}: Tools for Parsing and Generating XML Within R and S-Plus},
  author = {Duncan {Temple Lang}},
  year = {2024},
  note = {R package version 3.99-0.17},
  url = {https://CRAN.R-project.org/package=XML},
}
@Manual{yaml,
title = {{yaml}: Methods to Convert R Data to YAML and Back},
  author = {Shawn P Garbett and Jeremy Stephens and Kirill Simonov and Yihui Xie and Zhuoer Dong and Hadley Wickham and Jeffrey Horner and {reikoch} and Will Beasley and Brendan O'Connor and Gregory R. Warnes and Michael Quinn and Zhian N. Kamvar and Charlie Gao},
  year = {2024},
  note = {R package version 2.3.10},
  url = {https://CRAN.R-project.org/package=yaml},
}
@Manual{zip,
title = {{zip}: Cross-Platform `{zip}' Compression},
  author = {Gábor Csárdi},
  year = {2025},
  note = {R package version 2.3.3},
  url = {https://CRAN.R-project.org/package=zip},
}
@Article{zoo,
title = {{zoo}: S3 Infrastructure for Regular and Irregular Time Series},
  author = {Achim Zeileis and Gabor Grothendieck},
  journal = {Journal of Statistical Software},
  year = {2005},
  volume = {14},
  number = {6},
  pages = {1--27},
  doi = {10.18637/jss.v014.i06},
}
@Article{tidyverse,
  title = {Welcome to the {tidyverse}},
  author = {Hadley Wickham and Mara Averick and Jennifer Bryan and Winston Chang and Lucy D'Agostino McGowan and Romain François and Garrett Grolemund and Alex Hayes and Lionel Henry and Jim Hester and Max Kuhn and Thomas Lin Pedersen and Evan Miller and Stephan Milton Bache and Kirill Müller and Jeroen Ooms and David Robinson and Dana Paige Seidel and Vitalie Spinu and Kohske Takahashi and Davis Vaughan and Claus Wilke and Kara Woo and Hiroaki Yutani},
  year = {2019},
  journal = {Journal of Open Source Software},
  volume = {4},
  number = {43},
  pages = {1686},
  doi = {10.21105/joss.01686},
}
